@online{xiao2017/online,
  author       = {Han Xiao and Kashif Rasul and Roland Vollgraf},
  title        = {Fashion-MNIST: a Novel Image Dataset for Benchmarking Machine Learning Algorithms},
  date         = {2017-08-28},
  year         = {2017},
  eprintclass  = {cs.LG},
  eprinttype   = {arXiv},
  eprint       = {cs.LG/1708.07747},
}

@online{sumit2018,
  author       = {Sumit Saha},
  title        = {A Comprehensive Guide to Convolutional Neural Networks — the ELI5 way},
  date         = {2018-12-15},
  year         = {2018},
  url          = {https://towardsdatascience.com/a-comprehensive-guide-to-convolutional-neural-networks-the-eli5-way-3bd2b1164a53}
}

@online{stewart2019,
  author       = {Matthew Stewart},
  title        = {Simple Introduction to Convolutional Neural Networks},
  date         = {2019-02-27},
  year         = {2019},
  url          = {https://towardsdatascience.com/simple-introduction-to-convolutional-neural-networks-cdf8d3077bac}
}

@misc{dumoulin2018guide,
      title={A guide to convolution arithmetic for deep learning}, 
      author={Vincent Dumoulin and Francesco Visin},
      year={2018},
      eprint={1603.07285},
      archivePrefix={arXiv},
      primaryClass={stat.ML}
}

@book{Goodfellow-et-al-2016,
    title={Deep Learning},
    author={Ian Goodfellow and Yoshua Bengio and Aaron Courville},
    publisher={MIT Press},
    note={\url{http://www.deeplearningbook.org}},
    year={2016}
}

@misc{project2, 
    title={Logistic Regression and Feed Forward Neural Network (FFNN) analysis on the MNIST and Franke's Function Dataset}, url={https://github.com/kmaasrud/ffnn-fys-stk4155/blob/main/doc/main.pdf}, 
    author={Aasrud, Knut Magnus and Niane, Philip Karim and Due-Sørensen, Ida}, year={2020}
    } 
    
    @book{HastieTrevor2009EoSL,
series = {Springer series in statistics},
abstract = {Covers supervised learning (prediction) to unsupervised learning. This book contains topics including neural networks, support vector machines, classification trees and boosting.},
publisher = {Springer},
booktitle = {<h>Elements</h> of <h>Statistical</h> <h>Learning</h>},
isbn = {0387848576},
year = {2009},
title = {Elements of Statistical Learning: Data Mining, Inference, and Prediction},
language = {eng},
address = {New York},
author = {Hastie, Trevor and Tibshirani, Robert and Friedman, Jerome},
keywords = {Data mining ; Supervised learning (Machine learning) ; Mathematical statistics},
}

 @misc{ wiki:xxx,
    author = "{Wikipedia contributors}",
    title = "Convolutional neural network --- {Wikipedia}{,} The Free Encyclopedia",
    year = "2020",
    howpublished = "\url{https://en.wikipedia.org/w/index.php?title=Convolutional_neural_network&oldid=992073762}",
    note = "[Online; accessed 9-December-2020]"
  }
  
  @InProceedings{Wu_2017_CVPR_Workshops,
author = {Wu, Bichen and Iandola, Forrest and Jin, Peter H. and Keutzer, Kurt},
title = {SqueezeDet: Unified, Small, Low Power Fully Convolutional Neural Networks for Real-Time Object Detection for Autonomous Driving},
booktitle = {Proceedings of the IEEE Conference on Computer Vision and Pattern Recognition (CVPR) Workshops},
month = {07},
year = {2017}
} 

@inproceedings{AbdelHamid2013ExploringCN,
  title={Exploring convolutional neural network structures and optimization techniques for speech recognition},
  author={O. Abdel-Hamid and L. Deng and Dong Yu},
  booktitle={INTERSPEECH},
  year={2013}
}

@InProceedings{He_2016_CVPR,
author = {He, Kaiming and Zhang, Xiangyu and Ren, Shaoqing and Sun, Jian},
title = {Deep Residual Learning for Image Recognition},
booktitle = {Proceedings of the IEEE Conference on Computer Vision and Pattern Recognition (CVPR)},
month = {06},
year = {2016}
} 

@misc{facemask_dataset,
  author       = {Wobot Intelligence},
  title        = {Face Mask Detection Dataset},
  note = "[Online; accessed 11-December-2020]",
  year         = {2020},
  howpublished ="\url{https://www.kaggle.com/wobotintelligence/face-mask-detection-dataset}",
}